@article{kejariwal2015,
	doi = {10.14778/2824032.2824132},
	url = {https://doi.org/10.14778%2F2824032.2824132},
	year = 2015,
	month = {aug},
	publisher = {{VLDB} Endowment},
	volume = {8},
	number = {12},
	pages = {2040--2041},
	author = {Arun Kejariwal and Sanjeev Kulkarni and Karthik Ramasamy},
	title = {Real time analytics},
	journal = {Proceedings of the {VLDB} {E}ndowment}
}
@inproceedings{ltc,
	doi = {10.1109/lcn.2004.72},
	url = {https://doi.org/10.1109%2Flcn.2004.72},
	publisher = {{IEEE} (Comput. Soc.)},
	author = {T. Schoellhammer and B. Greenstein and E. Osterweil and M. Wimbrow and D. Estrin},
	title = {Lightweight {T}emporal {C}ompression of {M}icroclimate {D}atasets [wireless sensor networks]},
	booktitle = {29th Annual {IEEE} {I}nternational {C}onference on {L}ocal {C}omputer {N}etworks}
}
@inproceedings{ltcd,
	doi = {10.1109/bigdata.2018.8621946},
	url = {https://doi.org/10.1109%2Fbigdata.2018.8621946},
	year = 2018,
	month = {dec},
	publisher = {{IEEE}},
	author = {Bo Li and Omid Sarbishei and Hosein Nourani and Tristan Glatard},
	title = {A multi-dimensional extension of the {L}ightweight {T}emporal {C}ompression method},
	booktitle = {2018 {IEEE} {I}nternational {C}onference on {B}ig {D}ata (Big Data)}
}
@inproceedings{chained_reservoir_sampling,
  title={Sampling from a moving window over streaming data},
  author={Babcock, Brian and Datar, Mayur and Motwani, Rajeev},
  booktitle={Proceedings of the thirteenth annual {A}ssociation for {C}omputing {M}achinery-{SIAM} {S}ymposium on {D}iscrete algorithms},
  pages={633--634},
  year={2002},
  organization={{S}ociety for {I}ndustrial and {A}pplied {M}athematics}
}
@inproceedings{cuckoo_filter,
	doi = {10.1145/2674005.2674994},
	url = {https://doi.org/10.1145%2F2674005.2674994},
	year = 2014,
	publisher = {{ACM} Press},
	author = {Bin Fan and Dave G. Andersen and Michael Kaminsky and Michael D. Mitzenmacher},
	title = {Cuckoo Filter},
	booktitle = {Proceedings of the 10th {ACM} {I}nternational on {C}onference on emerging {N}etworking {E}xperiments and {T}echnologies - {CoNEXT} {\textquotesingle}14}
}
@article{mc-nn,
	doi = {10.1016/j.future.2017.03.026},
	url = {https://doi.org/10.1016%2Fj.future.2017.03.026},
	year = 2017,
	month = {oct},
	publisher = {Elsevier {BV}},
	volume = {75},
	pages = {187--199},
	author = {Mark Tennant and Frederic Stahl and Omer Rana and Jo{\~{a}}o B{\'{a}}rtolo Gomes},
	title = {Scalable real-time classification of data streams with concept drift},
	journal = {Future {G}eneration {C}omputer {S}ystems}
}
@article{reservoir_sampling,
	doi = {10.1145/3147.3165},
	url = {https://doi.org/10.1145%2F3147.3165},
	year = 1985,
	month = {mar},
	publisher = {Association for {C}omputing {M}achinery ({ACM})},
	volume = {11},
	number = {1},
	pages = {37--57},
	author = {Jeffrey S. Vitter},
	title = {Random sampling with a reservoir},
	journal = {{ACM} {T}ransactions on {M}athematical {S}oftware}
}
@article{bloom,
	doi = {10.1145/362686.362692},
	url = {https://doi.org/10.1145%2F362686.362692},
	year = 1970,
	month = {jul},
	publisher = {{A}ssociation for {C}omputing {M}achinery ({ACM})},
	volume = {13},
	number = {7},
	pages = {422--426},
	author = {Burton H. Bloom},
	title = {Space/time trade-offs in hash coding with allowable errors},
	journal = {Communications of the {ACM}}
}
@article{fig-sensor-network,
	doi = {10.3390/a10030080},
	url = {https://doi.org/10.3390%2Fa10030080},
	year = 2017,
	month = {jul},
	publisher = {{MDPI} {AG}},
	volume = {10},
	number = {3},
	pages = {80},
	author = {Yasser El Khamlichi and Abderrahim Tahiri and Anouar Abtoy and Inmaculada Medina-Bulo and Francisco Palomo-Lozano},
	title = {A {H}ybrid {A}lgorithm for {O}ptimal {W}ireless {S}ensor {N}etwork {D}eployment with the {M}inimum {N}umber of {S}ensor {N}odes},
	journal = {Algorithms}
}
@article{kNN,
	doi = {10.2307/2685209},
	url = {https://doi.org/10.2307%2F2685209},
	year = 1992,
	month = {aug},
	publisher = {{JSTOR}},
	volume = {46},
	number = {3},
	pages = {175},
	author = {N. S. Altman},
	title = {An {I}ntroduction to {K}ernel and {N}earest-{N}eighbor {N}onparametric {R}egression},
	journal = {The {A}merican {S}tatistician}
}
@article{sensor-network-survey,
  title={Wireless sensor networks: a survey},
  author={Akyildiz, Ian F and Su, Weilian and Sankarasubramaniam, Yogesh and Cayirci, Erdal},
  journal={Computer networks},
  volume={38},
  number={4},
  pages={393--422},
  year={2002},
  publisher={Elsevier}
}
@inproceedings{leach,
	doi = {10.1109/hicss.2000.926982},
	url = {https://doi.org/10.1109%2Fhicss.2000.926982},
	publisher = {{IEEE} Comput. Soc},
	author = {W.R. Heinzelman and A. Chandrakasan and H. Balakrishnan},
	title = {Energy-efficient communication protocol for wireless microsensor networks},
	booktitle = {Proceedings of the 33rd {A}nnual {H}awaii {I}nternational {C}onference on {S}ystem {S}ciences}
}
@inproceedings{sensor-energy-model,
	doi = {10.1109/glocom.2002.1188034},
	url = {https://doi.org/10.1109%2Fglocom.2002.1188034},
	publisher = {{IEEE}},
	author = {E.J. Duarte-Melo and  Mingyan Liu},
	title = {Analysis of energy consumption and lifetime of heterogeneous wireless sensor networks},
	booktitle = {Global {T}elecommunications {C}onference, 2002. {GLOBECOM} {\textquotesingle}02. {IEEE}}
}
@article{sensor-energy-consumption,
	doi = {10.1109/35.925682},
	url = {https://doi.org/10.1109%2F35.925682},
	year = 2001,
	month = {jun},
	publisher = {Institute of {E}lectrical and {E}lectronics {E}ngineers ({IEEE})},
	volume = {39},
	number = {6},
	pages = {138--147},
	author = {C.-K. Toh},
	title = {Maximum battery life routing to support ubiquitous mobile computing in wireless ad hoc networks},
	journal = {{IEEE} {C}ommunications {M}agazine}
}
@misc{freertos,
  title = {FreeRTOS},
  howpublished = {\url{https://www.freertos.org/}},
  note = {Accessed: 2019-01-11}
}
@article{growing-iot,
  title={IoT platforms: enabling the Internet of Things},
  author={Lucero, Sam and others},
  journal={White paper},
  year={2016}
}
